@online{mobilemarketshare,
	title = "Mobile Operating System Market Share Worldwide - October 2019",
	publisher = "StatCounter",
	url = "https://gs.statcounter.com/os-market-share/mobile/worldwide",
	addendum = "(dostęp w dniu 28. grudnia 2019)"
}

@online{haversineformulawiki,
	title = "Haversine formula",
	publisher = "Wikimedia Foundation, Inc.",
	url = "https://en.wikipedia.org/wiki/Haversine_formula",
	addendum = "(dostęp w dniu 28. grudnia 2019)"
}

@online{haversineformulaarticle,
	title = "Haversine formula to find distance between two points on a sphere",
	author = "Prakhar Agarwal",
	publisher = "GeeksforGeeks",
	url = "https://www.geeksforgeeks.org/haversine-formula-to-find-distance-between-two-points-on-a-sphere/",
	addendum = "(dostęp w dniu 28. grudnia 2019)"
}

@online{mvvmwiki,
	title = "Model–view–viewmodel",
	publisher = "Wikimedia Foundation, Inc.",
	url = "https://en.wikipedia.org/wiki/Model%E2%80%93view%E2%80%93viewmodel",
	addendum = "(dostęp w dniu 28. grudnia 2019)"
}

@online{mvvmarticle,
	title = "MVVM architecture, ViewModel and LiveData (Part 1)",
	author = "Hazem Saleh",
	publisher = "ProAndroidDev",
	url = "https://proandroiddev.com/mvvm-architecture-viewmodel-and-livedata-part-1-604f50cda1",
	addendum = "(dostęp w dniu 28. grudnia 2019)"
}

@online{singletonwiki,
	title = "Singleton pattern",
	publisher = "Wikimedia Foundation, Inc.",
	url = "https://en.wikipedia.org/wiki/Singleton_pattern",
	addendum = "(dostęp w dniu 28. grudnia 2019)"
}

@book{designpatterns,
	title = "Design Patterns: Elements of Reusable Object-Oriented Software",
	author = "Erich Gamma and Richard Helm and Ralph Johnson and John Vlissides",
	year = {1994},
	publisher = "Addison-Wesley"
}

@online{restwiki,
	title = "Representational state transfer",
	publisher = "Wikimedia Foundation, Inc.",
	url = "https://en.wikipedia.org/wiki/Representational_state_transfer",
	addendum = "(dostęp w dniu 28. grudnia 2019)"
}

@online{restrfc,
	title = "Hypertext Transfer Protocol (HTTP/1.1): Semantics and Content, Section 4",
	author = "Roy Fielding",
	publisher = "IETF. Internet Engineering Task Force.",
	url = "https://tools.ietf.org/html/rfc7231#section-4",
	addendum = "(dostęp w dniu 28. grudnia 2019)"
}

@online{testdomainwiki,
	title = ".test",
	publisher = "Wikimedia Foundation, Inc.",
	url = "https://en.wikipedia.org/wiki/.test",
	addendum = "(dostęp w dniu 28. grudnia 2019)"
}

@online{testdomainrfc,
	title = "Reserved Top Level DNS Names",
	author = "Donald E. Eastlake and Aliza R. Panitz",
	publisher = "IETF. Internet Engineering Task Force.",
	url = "https://tools.ietf.org/html/rfc2606",
	addendum = "(dostęp w dniu 28. grudnia 2019)"
}

@book{androiddevelopment,
	title = "Head First Android Development, 2nd Edition",
	author = "David Griffiths, Dawn Griffiths",
	year = {2017},
	publisher = "O'Reilly Media, Inc."
}

@book{kotlin,
	title = "Kotlin for Android Developers: Learn Kotlin the easy way while developing an Android App",
	author = "Antonio Leiva",
	year = {2016},
	publisher = "CreateSpace Independent Publishing Platform"
}

@book{git,
	title = "Learn Version Control With Git: A Step-by-step Course for the Complete Beginner",
	author = "Tobias Günther",
	year = {2017},
	publisher = "CreateSpace Independent Publishing Platform"
}

@online{androidapi,
	title = "Android API Reference",
	publisher = "Google and Open Handset Alliance",
	url = "https://developer.android.com/reference",
	addendum = "(dostęp w dniu 28. grudnia 2019)"
}

@online{ndk,
	title = "Android Native Development Kit",
	publisher = "Google and Open Handset Alliance",
	url = "https://developer.android.com/ndk",
	addendum = "(dostęp w dniu 28. grudnia 2019)"
}

@online{pwa,
	title = "Progressive Web Apps",
	publisher = "Google and Open Handset Alliance",
	url = "https://developers.google.com/web/progressive-web-apps",
	addendum = "(dostęp w dniu 28. grudnia 2019)"
}

@online{kotlinfirst,
	title = "Google I/O 2019: Empowering developers to build the best experiences on Android + Play",
	author = "Chet Haase",
	publisher = "Google and Open Handset Alliance",
	url = "https://android-developers.googleblog.com/2019/05/google-io-2019-empowering-developers-to-build-experiences-on-Android-Play.html",
	addendum = "(dostęp w dniu 28. grudnia 2019)"
}

@online{kotlindocs,
	title = "Kotlin Language Documentation",
	publisher = "Kotlin Foundation",
	url = "https://kotlinlang.org/docs/reference/",
	addendum = "(dostęp w dniu 28. grudnia 2019)"
}

@online {googlearch,
	title = "Guide to app architecture",
	publisher = "Google and Open Handset Alliance",
	url = "https://developer.android.com/jetpack/docs/guide",
	addendum = "(dostęp w dniu 28. grudnia 2019)"
}
